<record><leader>00000cas a2200000 a 4500</leader><controlfield tag="001">57246205</controlfield><controlfield tag="008">041216d19902005oruwr ne      0    0eng c</controlfield><datafield ind1=" " ind2=" " tag="010"><subfield code="a">  2004260433</subfield></datafield><datafield ind1=" " ind2=" " tag="040"><subfield code="a">ORU</subfield><subfield code="b">eng</subfield><subfield code="c">ORU</subfield><subfield code="d">OCLCQ</subfield><subfield code="d">OCLCF</subfield><subfield code="d">OCLCO</subfield></datafield><datafield ind1="1" ind2=" " tag="029"><subfield code="a">AU@</subfield><subfield code="b">000026473077</subfield></datafield><datafield ind1=" " ind2=" " tag="042"><subfield code="a">pcc</subfield></datafield><datafield ind1=" " ind2=" " tag="043"><subfield code="a">n-us-or</subfield></datafield><datafield ind1="0" ind2=" " tag="130"><subfield code="a">Tualatin times (1990)</subfield></datafield><datafield ind1="1" ind2="0" tag="245"><subfield code="a">Tualatin times.</subfield></datafield><datafield ind1=" " ind2=" " tag="260"><subfield code="a">Tigard, Or. :</subfield><subfield code="b">Community Newspapers, Inc.,</subfield><subfield code="c">-2005.</subfield></datafield><datafield ind1=" " ind2=" " tag="300"><subfield code="a">v. :</subfield><subfield code="b">ill. ;</subfield><subfield code="c">58 cm.</subfield></datafield><datafield ind1=" " ind2=" " tag="310"><subfield code="a">Weekly</subfield></datafield><datafield ind1="1" ind2=" " tag="362"><subfield code="a">Began with issue for May 10, 1990.</subfield></datafield><datafield ind1="0" ind2=" " tag="362"><subfield code="a">-v. 49, no. 3 (Jan. 20, 2005).</subfield></datafield><datafield ind1=" " ind2=" " tag="500"><subfield code="a">Includes regional classified ads shared with other regional newspapers.</subfield></datafield><datafield ind1=" " ind2=" " tag="500"><subfield code="a">Published: Portland, Or., &lt;Jan. 2002&gt;-Jan. 20, 2005.</subfield></datafield><datafield ind1=" " ind2=" " tag="530"><subfield code="a">Also issued on microfilm from University of Oregon.</subfield></datafield><datafield ind1=" " ind2=" " tag="580"><subfield code="a">Merged with: Tigard times (Tigard, Or. : 1990), to form: Times (Portland, Or. : 2005).</subfield></datafield><datafield ind1=" " ind2=" " tag="588"><subfield code="a">Description based on: Vol. 45, no. 35 (Aug. 30, 2001).</subfield></datafield><datafield ind1=" " ind2="0" tag="651"><subfield code="a">Tualatin (Or.)</subfield><subfield code="v">Newspapers.</subfield></datafield><datafield ind1=" " ind2="0" tag="651"><subfield code="a">Washington County (Or.)</subfield><subfield code="v">Newspapers.</subfield></datafield><datafield ind1=" " ind2="7" tag="655"><subfield code="a">Newspapers.</subfield><subfield code="2">fast</subfield><subfield code="0">(OCoLC)fst01423814</subfield></datafield><datafield ind1=" " ind2="7" tag="651"><subfield code="a">Oregon</subfield><subfield code="z">Tualatin.</subfield><subfield code="2">fast</subfield><subfield code="0">(OCoLC)fst01226310</subfield></datafield><datafield ind1=" " ind2="7" tag="651"><subfield code="a">Oregon</subfield><subfield code="z">Washington County.</subfield><subfield code="2">fast</subfield><subfield code="0">(OCoLC)fst01217169</subfield></datafield><datafield ind1=" " ind2=" " tag="752"><subfield code="a">United States</subfield><subfield code="b">Oregon</subfield><subfield code="c">Washington</subfield><subfield code="d">Tigard.</subfield></datafield><datafield ind1=" " ind2=" " tag="752"><subfield code="a">United States</subfield><subfield code="b">Oregon</subfield><subfield code="c">Multnomah</subfield><subfield code="d">Portland.</subfield></datafield><datafield ind1="0" ind2="1" tag="780"><subfield code="t">Tigard-Tualatin times</subfield><subfield code="w">(DLC)sn 96088489</subfield><subfield code="w">(OCoLC)36312857</subfield></datafield><datafield ind1="1" ind2="7" tag="785"><subfield code="t">Tigard times (Tigard, Or. : 1990)</subfield><subfield code="w">(DLC)sn 96088484</subfield><subfield code="w">(OCoLC)36326472</subfield></datafield><datafield ind1="0" ind2="0" tag="785"><subfield code="t">Times (Portland, Or. : 2005)</subfield><subfield code="w">(DLC)  2005260005</subfield><subfield code="w">(OCoLC)57726955</subfield></datafield></record>